@Online{Domus,
	author = {DomusNatura},
	title = {SCANPET},
	url = {https://domusnaturaes.wordpress.com/scanpet/},
	urldate = {2019-03-30},
	year = {2019}
}

@Online{RadarPrice,
	author = {RadarPrice},
	title = {RadarPrice, la APP que localiza lo que buscas al mejor precio},
	url = {https://www.radarprice.com/es/},
	urldate = {2019-03-30},
	year = {2019}
}

@Online {MaxMovil,
	author = {MaxMovil},
	title = {Cómo Escanear Códigos De Barra Con Android, Tigerscan PDA 4G},
	url = {https://www.maxmovil.com/blog/pda/pda-android-4g-lector-codigos-barras/},
	urldate = {2019-03-30},
	year = {2018}
}

@misc{Techniweb,
	author = {Techni-web},
	file = {:C$\backslash$:/Users/oswal/Documents/RESIDENCIAS{\_}PROFESIONALES/referencias/ayuda{\_}gestion.pdf:pdf},
	pages = {676},
	title = {{Gesti{\'{o}}n Techni-Web}},
	url = {https://www.techni-web.es/wp-content/uploads/download/utilidades/ayuda/ayuda{\_}gestion.pdf},
	year = {2006}
}

@article{Firebird,
	author = {Cantu, Carlos H},
	file = {:C$\backslash$:/Users/oswal/Documents/RESIDENCIAS{\_}PROFESIONALES/referencias/Firebird{\_}2{\_}min.pdf:pdf},
	title = {{Get to know Firebird in 2 minutes}},
	url = {https://firebirdsql.org/file/documentation/papers{\_}presentations/Firebird{\_}2{\_}min.pdf},
	year = {2010}
}

@Online{Solutions2016,
	title = {EMS Database Management Solutions},
	url = {http://download2.sqlmanager.net/download/datasheets/ibfb/manager/en/ibmanager.pdf},
	urldate = {2019-03-26},
	year = {2016}
}

@Online{Android,
	title = {Android Studio},
	url = {https://developer.android.com/studio/intro},
	urldate = {2019-03-26},
	year = {2019}
}

@Online{Platzi,
	title = {Platzi},
	url = {https://platzi.com/blog/que-es-kotlin/},
	urldate = {2019-03-26},
	year = {2017}
}

@Online{Zxing,
	title = {Google Open Source},
	url = {https://opensource.google.com/projects/zxing},
	urldate = {2019-03-27},
	year = {2019}
}

@manual{Jaybird,
	author = {Rokytskyy, Roman},
	title = {Jaybird 2.1 JDBC driver, Java Programmer's Manual},
	date = {2008},
	language = {English},
	version = {Version 2.1},
	organization = {Firebird Project},
	pagetotal = {103},
	pubstate = {2008},
}

@Online {Adobe,
	author = {Adobe},
	title = {Adobe XD CC},
	url = {https://www.adobe.com/mx/products/xd.html},
	urldate = {2019-03-29},
	year = {2019}
}

@Online {Basamiq,
	author = {balsamiq},
	title = {Quick and Easy Wireframing Tool},
	url = {https://balsamiq.com/wireframes/},
	urldate = {2019-03-29},
	year = {2019}
}

@Online {Dia,
	author = {Dia},
	title = {Chapter 1. Introduction},
	url = {http://dia-installer.de/doc/en/intro-chapter.html},
	urldate = {2019-03-29},
	year = {2019}
}

@Online {PatronSingleton,
	author = {Morales, Italo},
	title = {Qué son y para qué sirven los patrones de diseño},
	url = {https://platzi.com/blog/patrones-de-diseno/},
	urldate = {2019-05-11},
	year = {2015}
}

@Online {MVP,
	author = {Leiva, Antonio},
	title = {MVP for Android: how to organize the presentation layer},
	url = {https://antonioleiva.com/mvp-android/},
	urldate = {2019-05-11},
	year = {2019}
}

@Online {Singleton,
	author = {Leiva, Antonio},
	title = {Patrones de diseño de software},
	url = {https://devexperto.com/patrones-de-diseno-software/},
	urldate = {2019-05-11},
	year = {2016}
}

@Online {DocumentacionKotlin,
	author = {JetBrains},
	title = {Object Expressions and Declarations
	},
	url = {https://kotlinlang.org/docs/reference/object-declarations.html},
	urldate = {2019-05-29},
	year = {2019}
}

@Online {PermisosGoogle,
	author = {Google Developers},
	title = {Permisos del sistema},
	url = {https://developer.android.com/guide/topics/security/permissions.html?hl=es-419},
	urldate = {2019-06-08},
	year = {2019}
}